<record><leader>00000cas a22000007a 4500</leader><controlfield tag="001">9382263</controlfield><controlfield tag="008">830406d19081956mtuwr ne      0    0eng d</controlfield><controlfield tag="009">3770</controlfield><datafield ind1=" " ind2=" " tag="010"><subfield code="a">sn 83025312 </subfield></datafield><datafield ind1=" " ind2=" " tag="040"><subfield code="a">NPV</subfield><subfield code="b">eng</subfield><subfield code="c">NPV</subfield><subfield code="d">MTL</subfield><subfield code="d">OCLCQ</subfield></datafield><datafield ind1=" " ind2=" " tag="042"><subfield code="a">msc</subfield></datafield><datafield ind1=" " ind2=" " tag="043"><subfield code="a">n-us-mt</subfield></datafield><datafield ind1=" " ind2=" " tag="045"><subfield code="a">x0x-</subfield></datafield><datafield ind1=" " ind2=" " tag="052"><subfield code="a">4253</subfield><subfield code="b">F4</subfield></datafield><datafield ind1="0" ind2="4" tag="245"><subfield code="a">The Judith Basin star.</subfield></datafield><datafield ind1=" " ind2=" " tag="260"><subfield code="a">Philbrook, Mont. :</subfield><subfield code="b">M.L. Tuve,</subfield><subfield code="c">1908-1956.</subfield></datafield><datafield ind1=" " ind2=" " tag="300"><subfield code="a">51 v. :</subfield><subfield code="b">ill. ;</subfield><subfield code="c">38-57 cm.</subfield></datafield><datafield ind1=" " ind2=" " tag="310"><subfield code="a">Weekly</subfield></datafield><datafield ind1="0" ind2=" " tag="362"><subfield code="a">Vol. 1, no. 1 (Oct. 15, 1908)-v. 51, no. 42 (Jan. 26, 1956).</subfield></datafield><datafield ind1=" " ind2=" " tag="500"><subfield code="a">Place of publication varies: Philbrook, Oct. 15-Nov. &lt;5,&gt; 1908; Hobson Station, Philbrook P.O., Nov. &lt;19,&gt;1909-June 27, 1912; Hobson, July 4, 1912-Jan. 26, 1956.</subfield></datafield><datafield ind1=" " ind2=" " tag="752"><subfield code="a">United States</subfield><subfield code="b">Montana</subfield><subfield code="c">Judith Basin</subfield><subfield code="d">Hobson.</subfield></datafield><datafield ind1=" " ind2=" " tag="752"><subfield code="a">United States</subfield><subfield code="b">Montana</subfield><subfield code="c">Judith Basin</subfield><subfield code="d">Philbrook.</subfield></datafield><datafield ind1="0" ind2="7" tag="785"><subfield code="t">Judith Basin County press</subfield><subfield code="w">(DLC)sn 85053195</subfield></datafield><datafield ind1="0" ind2="7" tag="785"><subfield code="t">Judith Basin County press and Judith Basin star</subfield><subfield code="w">(DLC)sn 85053196</subfield></datafield></record>